<marcxml:record xmlns:marcxml="http://www.loc.gov/MARC21/slim" xmlns:idx="info:lc/xq-modules/lcindex" xmlns:madsrdf="http://www.loc.gov/mads/rdf/v1#" xmlns:ri="http://id.loc.gov/ontologies/RecordInfo#" xmlns:xlink="http://www.w3.org/1999/xlink" xmlns:rdf="http://www.w3.org/1999/02/22-rdf-syntax-ns#" xmlns:mets="http://www.loc.gov/METS/" xmlns:semtriples="http://marklogic.com/semantic" xmlns:xsi="http://www.w3.org/2001/XMLSchema-instance" xmlns:streams="info:lc/streams#">
            <marcxml:leader>00657cz  a2200217n  4500</marcxml:leader>
            <marcxml:controlfield tag="001">n81146665</marcxml:controlfield>
            <marcxml:controlfield tag="003">DLC</marcxml:controlfield>
            <marcxml:controlfield tag="005">20170630185426.0</marcxml:controlfield>
            <marcxml:controlfield tag="008">820218n| azannaabn          |n ana      </marcxml:controlfield>
            <marcxml:datafield tag="010" ind1=" " ind2=" ">
              <marcxml:subfield code="a">n  81146665 </marcxml:subfield>
              <marcxml:subfield code="z">sh 85058610 </marcxml:subfield>
            </marcxml:datafield>
            <marcxml:datafield tag="034" ind1=" " ind2=" ">
              <marcxml:subfield code="d">E0085700</marcxml:subfield>
              <marcxml:subfield code="e">E0085700</marcxml:subfield>
              <marcxml:subfield code="f">N0500600</marcxml:subfield>
              <marcxml:subfield code="g">N0500600</marcxml:subfield>
              <marcxml:subfield code="2">other</marcxml:subfield>
            </marcxml:datafield>
            <marcxml:datafield tag="035" ind1=" " ind2=" ">
              <marcxml:subfield code="a">(OCoLC)oca00691431</marcxml:subfield>
            </marcxml:datafield>
            <marcxml:datafield tag="040" ind1=" " ind2=" ">
              <marcxml:subfield code="a">DLC</marcxml:subfield>
              <marcxml:subfield code="b">eng</marcxml:subfield>
              <marcxml:subfield code="e">rda</marcxml:subfield>
              <marcxml:subfield code="c">DLC</marcxml:subfield>
              <marcxml:subfield code="d">DLC</marcxml:subfield>
              <marcxml:subfield code="d">NIC</marcxml:subfield>
              <marcxml:subfield code="d">OCoLC</marcxml:subfield>
              <marcxml:subfield code="d">DLC</marcxml:subfield>
            </marcxml:datafield>
            <marcxml:datafield tag="043" ind1=" " ind2=" ">
              <marcxml:subfield code="a">e-gx---</marcxml:subfield>
            </marcxml:datafield>
            <marcxml:datafield tag="151" ind1=" " ind2=" ">
              <marcxml:subfield code="a">Hanau (Germany)</marcxml:subfield>
            </marcxml:datafield>
            <marcxml:datafield tag="667" ind1=" " ind2=" ">
              <marcxml:subfield code="a">Old catalog heading: Hanau, Ger.</marcxml:subfield>
            </marcxml:datafield>
            <marcxml:datafield tag="670" ind1=" " ind2=" ">
              <marcxml:subfield code="a">Bott, H.</marcxml:subfield>
              <marcxml:subfield code="b">Die Altstadt Hanau, 1953.</marcxml:subfield>
            </marcxml:datafield>
            <marcxml:datafield tag="670" ind1=" " ind2=" ">
              <marcxml:subfield code="a">BGN 11/6/81</marcxml:subfield>
              <marcxml:subfield code="b">(Hanau, W.Ger.; ppl. 50 06 N, 8 57 E; no variants)</marcxml:subfield>
            </marcxml:datafield>
            <marcxml:datafield tag="781" ind1=" " ind2="0">
              <marcxml:subfield code="z">Germany</marcxml:subfield>
              <marcxml:subfield code="z">Hanau</marcxml:subfield>
            </marcxml:datafield>
          </marcxml:record>
